<?xml version="1.0" encoding="UTF-8"?><collection xmlns="http://www.loc.gov/MARC21/slim"><record><leader>00615nam--2200181-u-4500</leader><controlfield tag="001">000055564</controlfield><controlfield tag="002">20161230</controlfield><controlfield tag="005">20161230201052</controlfield><controlfield tag="008">130225s1000------------r-----000-0-eng-d</controlfield><datafield ind1=" " ind2=" " tag="040"><subfield code="a">IFIN-HH</subfield></datafield><datafield ind1=" " ind2=" " tag="080"><subfield code="a">413.232</subfield></datafield><datafield ind1="1" ind2=" " tag="100"><subfield code="a">Kettridge, J.O</subfield></datafield><datafield ind1="1" ind2="0" tag="245"><subfield code="a">French-english and english-french dictionary of technical terms and phases used in civil, mechanical and mining engineering, and allied sciences and industries</subfield><subfield code="c">J.o. kettridge</subfield></datafield><datafield ind1=" " ind2=" " tag="260"><subfield code="a">London</subfield><subfield code="b">Routledge &amp; Kegan Paul Ltd</subfield><subfield code="c">1965, 1967</subfield></datafield><datafield ind1=" " ind2=" " tag="300"><subfield code="a">2 VOL</subfield></datafield><datafield ind1="1" ind2=" " tag="787"><subfield code="a">Vol. Ii</subfield><subfield code="d">1967</subfield><subfield code="h">536p. + Anexe</subfield></datafield><datafield ind1=" " ind2=" " tag="852"><subfield code="a">D.411</subfield><subfield code="c">SLT</subfield></datafield><datafield ind1=" " ind2=" " tag="CAT"><subfield code="a">Sys</subfield><subfield code="c">20130225</subfield><subfield code="h">180502</subfield></datafield></record></collection>